
@Misc{video,
Author = "{Villamedic}",
Title = "Charla Villamedic: Villapepas Hipertensión Arterial 2020 parte 1. Consultado el 06 de diciembre año 2021 de:",
Note = "\href{https://www.youtube.com/watch?v=Jr76-lb7ek4}{\textcolor{preambulo}{\underline{Link}}}",
year = 2020
}